<?xml version="1.0" encoding="UTF-8"?><collection xmlns="http://www.loc.gov/MARC21/slim"><record><leader>00659nam--2200169-i-4500</leader><controlfield tag="001">000049914</controlfield><controlfield tag="002">20161230</controlfield><controlfield tag="005">20161230201047</controlfield><controlfield tag="008">060222s1000------------r-----000-0-eng-d</controlfield><datafield ind1=" " ind2=" " tag="040"><subfield code="a">IFIN-HH</subfield></datafield><datafield ind1=" " ind2=" " tag="080"><subfield code="a">539.1.07</subfield></datafield><datafield ind1="1" ind2=" " tag="110"><subfield code="a">University Of California At Berkeley</subfield></datafield><datafield ind1="1" ind2="0" tag="245"><subfield code="a">Instrumentation for high-energy physics</subfield><subfield code="b">Proceedings of an international conference on instrumentation for high-energy physics held at the ernest o. lawrence radiation laboratory berkeley, california, september 12, 13 and 14, 1960</subfield></datafield><datafield ind1=" " ind2=" " tag="260"><subfield code="a">New York</subfield><subfield code="b">Interscience Publishers</subfield><subfield code="c">1961</subfield></datafield><datafield ind1=" " ind2=" " tag="300"><subfield code="a">XVII+321P</subfield></datafield><datafield ind1=" " ind2=" " tag="852"><subfield code="a">16211</subfield><subfield code="c">539.1.07:539.1.08</subfield></datafield><datafield ind1=" " ind2=" " tag="CAT"><subfield code="a">Sys</subfield><subfield code="c">20111018</subfield><subfield code="h">115857</subfield></datafield></record></collection>